@online{FragenAn98:online,
author = {{Blutspendedienst des Bayerischen Roten Kreuzes gemeinnÃ¼tzige GmbH}},
title = {Fragen \& Antworten - Blutspendedienst des BRK},
url = {https://www.blutspendedienst.com/blutspende/spendeinfos/fragen-antworten},
year = {o.D.},
urldate = {2018-09-08}
}
@online{SpendeCh65:online,
author = {DRK-Blutspendedienste},
title = {Spende-Check - Spenderservices â€“ DRK-Blutspendedienste},
url = {https://www.drk-blutspende.de/spenderservices/spende-check.php},
year = {o.D.},
urldate = {2018-09-08}
}